@online{sturm_ref,
author    = "Padraic Bartlett",
title     = "Finding All the Roots: Sturm's Theorem",
year      = {2013},
organization = {University of California, Santa Barbara},
url       = "http://web.math.ucsb.edu/~padraic/mathcamp_2013/root_find_alg/Mathcamp_2013_Root-Finding_Algorithms_Day_2.pdf",
keywords  = "Sturm, Root finding"
}


@article{floating_point,
author = {David Goldberg},
title = {What Every Computer Scientist Should Know About Floating-Point Arithmetic},
journaltitle = {Computing Surveys},
year = {1991},
language = {EN},
url = {https://docs.oracle.com/cd/E19957-01/806-3568/ncg_goldberg.html},
}

@online{jpl_pi,
author = "{JPL Education}",
title = {How Many Decimals of Pi Do We Really Need?},
year = {2016},
url = {https://www.jpl.nasa.gov/edu/news/2016/3/16/how-many-decimals-of-pi-do-we-really-need/},
language = {EN},
oganization = {NASA},
date = {2016-03-16},
month = {March}
}
